% Encoding: UTF-8
@inproceedings{laina2016deeper,
        title={Deeper depth prediction with fully convolutional residual networks},
        author={Laina, Iro and Rupprecht, Christian and Belagiannis, Vasileios and Tombari, Federico and Navab, Nassir},
        booktitle={3D Vision (3DV), 2016 Fourth International Conference on},
        pages={239--248},
        year={2016},
        organization={IEEE}
}

@inproceedings{Ma2017SparseToDense,
  title={Sparse-to-dense: Depth prediction from sparse depth samples and a single image},
  author={Ma, Fangchang and Karaman, Sertac},
  booktitle={2018 IEEE International Conference on Robotics and Automation (ICRA)},
  pages={1--8},
  year={2018},
  organization={IEEE}
}

@inproceedings{Eigen2014,
  title={Depth map prediction from a single image using a multi-scale deep network},
  author={Eigen, David and Puhrsch, Christian and Fergus, Rob},
  booktitle={Advances in neural information processing systems},
  pages={2366--2374},
  year={2014}
}

@inproceedings{Eigen2015,
  title={Predicting depth, surface normals and semantic labels with a common multi-scale convolutional architecture},
  author={Eigen, David and Fergus, Rob},
  booktitle={Proceedings of the IEEE International Conference on Computer Vision},
  pages={2650--2658},
  year={2015}
}

@article{Imagenet,
  title={Imagenet large scale visual recognition challenge},
  author={Russakovsky, Olga and Deng, Jia and Su, Hao and Krause, Jonathan and Satheesh, Sanjeev and Ma, Sean and Huang, Zhiheng and Karpathy, Andrej and Khosla, Aditya and Bernstein, Michael and others},
  journal={International Journal of Computer Vision},
  volume={115},
  number={3},
  pages={211--252},
  year={2015},
  publisher={Springer}
}

@article{GeoffHinton2006,
  title={A fast learning algorithm for deep belief nets},
  author={Hinton, Geoffrey E and Osindero, Simon and Teh, Yee-Whye},
  journal={Neural computation},
  volume={18},
  number={7},
  pages={1527--1554},
  year={2006},
  publisher={MIT Press}
}
@Conference{ICF,
  author = {Piotr Dollár and Zhuowen Tu and Pietro Perona and Serge Belongie},
  title  = {Integral Channel Features},
  year   = {2009},
}

@inproceedings{Zeiler2014,
  title={Visualizing and understanding convolutional networks},
  author={Zeiler, Matthew D and Fergus, Rob},
  booktitle={European conference on computer vision},
  pages={818--833},
  year={2014},
  organization={Springer}
}

@article{SLAM,
  title={ORB-SLAM: a versatile and accurate monocular SLAM system},
  author={Mur-Artal, Raul and Montiel, Jose Maria Martinez and Tardos, Juan D},
  journal={IEEE Transactions on Robotics},
  volume={31},
  number={5},
  pages={1147--1163},
  year={2015},
  publisher={IEEE}
}

@Conference{Perronnin2010,
  author    = {Florent Perronnin and Jorge Sánchez and Thomas Mensink},
  title     = {Improving the Fisher Kernel for Large-Scale Image Classification},
  booktitle = {ECCV},
  year      = {2010},
}


@inproceedings{Krizhevsky2012,
  title={Imagenet classification with deep convolutional neural networks},
  author={Krizhevsky, Alex and Sutskever, Ilya and Hinton, Geoffrey E},
  booktitle={Advances in neural information processing systems},
  pages={1097--1105},
  year={2012}
}


@Misc{Felzenszwalb2010,
  author = {Pedro F. Felzenszwalb and Ross B. Girshick and David McAllester and Deva Ramanan},
  title  = {Object Detection with Discriminatively Trained Part Based Models},
  year   = {2010},
}

@Article{Redmon2015,
  author  = {Joseph Redmon and Santosh Kumar Divvala and Ross B. Girshick and Ali Farhadi},
  title   = {You Only Look Once: Unified, Real-Time Object Detection},
  journal = {CoRR},
  year    = {2015},
}

@Article{Liu2015,
  author  = {Wei Liu and Dragomir Anguelov and Dumitru Erhan and Christian Szegedy and Scott E. Reed and Cheng-Yang Fu and Alexander C. Berg},
  title   = {SSD: Single Shot MultiBox Detector},
  journal = {CoRR},
  year    = {2015},
}

@Article{Ren2015,
  author  = {Shaoquing Ren and Kaiming He and Ross B. Girshick and Jian Sun},
  title   = {Faster R-CNN: Towards Real-Time Object Detection with Regional Proposal Networks},
  journal = {CoRR},
  year    = {2015},
}

@Article{Girshick2013,
  author  = {Ross B. Girshick and Jeff Donahue and Trevor Darrell and Jitendra Malik},
  title   = {Rich feature hierarchies for accurate object detection and semantic segmentation},
  journal = {CoRR},
  year    = {2013},
}

@Article{KHe2015,
  author  = {Kaiming He and Xiangyu Zhang and Shaoqing Ren and Jian Sun},
  title   = {Deep Residual Learning for Image Recognition},
  journal = {arXiv preprint arXiv:1512.03385},
  year    = {2015},
}

@article{Simonyan2014,
  title={Very deep convolutional networks for large-scale image recognition},
  author={Simonyan, Karen and Zisserman, Andrew},
  journal={arXiv preprint arXiv:1409.1556},
  year={2014}
}

@misc{tensorflow2015-whitepaper,
title={ {TensorFlow}: Large-Scale Machine Learning on Heterogeneous Systems},
url={http://tensorflow.org/},
note={Software available from tensorflow.org},
author={
    Mart\'{\i}n~Abadi et al.},
  year={2015},
}

@MISC{Gu_recognitionusing,
    author = {Chunhui Gu and Joseph J. Lim and Pablo Arbeláez and Jitendra Malik},
    title = {Recognition using Regions },
    year = {}
}

@INPROCEEDINGS{Goodfellow_multi-digitnumber,
    author = {Ian J. Goodfellow and Yaroslav Bulatov and Julian Ibarz and Sacha Arnoud and Vinay Shet},
    title = {Multi-digit number recognition from street view imagery using deep convolutional neural networks},
    booktitle = {In ICLR, 2014b},
    year = {}
}
@article{Girshick2015FastR,
  title={Fast R-CNN},
  author={Ross B. Girshick},
  journal={2015 IEEE International Conference on Computer Vision (ICCV)},
  year={2015},
  pages={1440-1448}
}

@article{He2017MaskR,
  title={Mask R-CNN}, 
  author={Kaiming He and Georgia Gkioxari and Piotr Dollr and Ross B. Girshick},
  journal={2017 IEEE International Conference on Computer Vision (ICCV)},
  year={2017}, 
  pages={2980-2988}
}

@inproceedings{memisevic2011stereopsis,
  title={Stereopsis via deep learning},
  author={Memisevic, Roland and Conrad, Christian},
  booktitle={NIPS Workshop on Deep Learning},
  volume={1},
  pages={2},
  year={2011}
}

@inproceedings{sinz2004learning,
  title={Learning depth from stereo},
  author={Sinz, Fabian H and Candela, Joaquin Quinonero and Bak{\i}r, G{\"o}khan H and Rasmussen, Carl Edward and Franz, Matthias O},
  booktitle={Joint Pattern Recognition Symposium},
  pages={245--252},
  year={2004},
  organization={Springer}
}

@inproceedings{hoiem2005geometric,
  title={Geometric context from a single image},
  author={Hoiem, Derek and Efros, Alexei A and Hebert, Martial},
  booktitle={Computer Vision, 2005. ICCV 2005. Tenth IEEE International Conference on},
  volume={1},
  pages={654--661},
  year={2005},
  organization={IEEE}
}
@inproceedings{liu2010single,
  title={Single image depth estimation from predicted semantic labels},
  author={Liu, Beyang and Gould, Stephen and Koller, Daphne},
  booktitle={Computer Vision and Pattern Recognition (CVPR), 2010 IEEE Conference on},
  pages={1253--1260},
  year={2010},
  organization={IEEE}
}

@inproceedings{saxena2006learning,
  title={Learning depth from single monocular images},
  author={Saxena, Ashutosh and Chung, Sung H and Ng, Andrew Y},
  booktitle={Advances in neural information processing systems},
  pages={1161--1168},
  year={2006}
}

@article{saxena2009make3d,
  title={Make3d: Learning 3d scene structure from a single still image},
  author={Saxena, Ashutosh and Sun, Min and Ng, Andrew Y},
  journal={IEEE transactions on pattern analysis and machine intelligence},
  volume={31},
  number={5},
  pages={824--840},
  year={2009},
  publisher={IEEE}
}

@article{achanta2012slic,
  title={SLIC superpixels compared to state-of-the-art superpixel methods},
  author={Achanta, Radhakrishna and Shaji, Appu and Smith, Kevin and Lucchi, Aurelien and Fua, Pascal and S{\"u}sstrunk, Sabine and others},
  journal={IEEE transactions on pattern analysis and machine intelligence},
  volume={34},
  number={11},
  pages={2274--2282},
  year={2012},
  publisher={Institute of Electrical and Electronics Engineers, Inc., 345 E. 47 th St. NY NY 10017-2394 United States}
}

@article{karsch2014depth,
  title={Depth transfer: Depth extraction from video using non-parametric sampling},
  author={Karsch, Kevin and Liu, Ce and Kang, Sing Bing},
  journal={IEEE transactions on pattern analysis and machine intelligence},
  volume={36},
  number={11},
  pages={2144--2158},
  year={2014},
  publisher={IEEE}
}

@inproceedings{konrad20122d,
  title={2d-to-3d image conversion by learning depth from examples},
  author={Konrad, Janusz and Wang, Meng and Ishwar, Prakash},
  booktitle={Computer Vision and Pattern Recognition Workshops (CVPRW), 2012 IEEE Computer Society Conference on},
  pages={16--22},
  year={2012},
  organization={IEEE}
}

@article{liu2011sift,
  title={Sift flow: Dense correspondence across scenes and its applications},
  author={Liu, Ce and Yuen, Jenny and Torralba, Antonio},
  journal={IEEE transactions on pattern analysis and machine intelligence},
  volume={33},
  number={5},
  pages={978--994},
  year={2011},
  publisher={IEEE}
}

@inproceedings{liu2014discrete,
  title={Discrete-continuous depth estimation from a single image},
  author={Liu, Miaomiao and Salzmann, Mathieu and He, Xuming},
  booktitle={Proceedings of the IEEE Conference on Computer Vision and Pattern Recognition},
  pages={716--723},
  year={2014}
}

@article{cao2017estimating,
  title={Estimating depth from monocular images as classification using deep fully convolutional residual networks},
  author={Cao, Yuanzhouhan and Wu, Zifeng and Shen, Chunhua},
  journal={IEEE Transactions on Circuits and Systems for Video Technology},
  year={2017},
  publisher={IEEE}
}

@inproceedings{krahenbuhl2011efficient,
  title={Efficient inference in fully connected crfs with gaussian edge potentials},
  author={Kr{\"a}henb{\"u}hl, Philipp and Koltun, Vladlen},
  booktitle={Advances in neural information processing systems},
  pages={109--117},
  year={2011}
}

@inproceedings{liao2017parse,
  title={Parse geometry from a line: Monocular depth estimation with partial laser observation},
  author={Liao, Yiyi and Huang, Lichao and Wang, Yue and Kodagoda, Sarath and Yu, Yinan and Liu, Yong},
  booktitle={Robotics and Automation (ICRA), 2017 IEEE International Conference on},
  pages={5059--5066},
  year={2017},
  organization={IEEE}
}

@inproceedings{mancini2016fast,
  title={Fast robust monocular depth estimation for obstacle detection with fully convolutional networks},
  author={Mancini, Michele and Costante, Gabriele and Valigi, Paolo and Ciarfuglia, Thomas A},
  booktitle={Intelligent Robots and Systems (IROS), 2016 IEEE/RSJ International Conference on},
  pages={4296--4303},
  year={2016},
  organization={IEEE}
}

@inproceedings{silberman2012indoor,
  title={Indoor segmentation and support inference from rgbd images},
  author={Silberman, Nathan and Hoiem, Derek and Kohli, Pushmeet and Fergus, Rob},
  booktitle={European Conference on Computer Vision},
  pages={746--760},
  year={2012},
  organization={Springer}
}

@article{momentum,
  title={On the momentum term in gradient descent learning algorithms},
  author={Qian, Ning},
  journal={Neural networks},
  volume={12},
  number={1},
  pages={145--151},
  year={1999},
  publisher={Elsevier}
}

@Comment{jabref-meta: databaseType:bibtex;}


